%----------------------------------------------------------------------------------
% Exemplo do uso dos estilos bibliográficos tcc-{alpha,num}.bst.
% Veja o arquivo tcc.cls para mais detalhes e instruções.
%----------------------------------------------------------------------------------

-- BIBLIOGRAFIA

%ARTIGO SOBRE MONTE-CARLO (SURVEY):

@ARTICLE{MONTECARLOSURVEY, 
author={C. B. Browne and E. Powley and D. Whitehouse and S. M. Lucas and P. I. Cowling and P. Rohlfshagen and S. Tavener and D. Perez and S. Samothrakis and S. Colton}, 
journal={IEEE Transactions on Computational Intelligence and AI in Games}, 
title={A Survey of Monte Carlo Tree Search Methods}, 
year={2012}, 
volume={4}, 
number={1}, 
pages={1-43}, 
keywords={Monte Carlo methods;game theory;tree searching;MCTS research;Monte carlo tree search methods;computer Go;key game;nongame domains;random sampling generality;Artificial intelligence;Computers;Decision theory;Game theory;Games;Markov processes;Monte Carlo methods;Artificial intelligence (AI);Monte Carlo tree search (MCTS);bandit-based methods;computer Go;game search;upper confidence bounds (UCB);upper confidence bounds for trees (UCT)}, 
doi={10.1109/TCIAIG.2012.2186810}, 
ISSN={1943-068X}, 
month={March},}

%MONTE-CARLO REINFORCEMENT EQUIVALENT

@phdthesis{MONTECARLOREINFORCEMENTEQ,
 author = {Silver, David},
 title = {Reinforcement Learning and Simulation-based Search in Computer Go},
 year = {2009},
 isbn = {978-0-494-54083-1},
 note = {AAINR54083},
 publisher = {University of Alberta},
 address = {Edmonton, Alta., Canada},
} 

% Q-LEARNING

@Article{QLEARNING,
author="Watkins, Christopher J. C. H.
and Dayan, Peter",
title="Q-learning",
journal="Machine Learning",
volume="8",
number="3",
pages="279--292",
abstract="Q-learning (Watkins, 1989) is a simple way for agents to learn how to act optimally in controlled Markovian domains. It amounts to an incremental method for dynamic programming which imposes limited computational demands. It works by successively improving its evaluations of the quality of particular actions at particular states.",
issn="1573-0565",
doi="10.1007/BF00992698",
url="http://dx.doi.org/10.1007/BF00992698"
}

%MONTE-CARLO GO:

@article{MONTECARLOGO,
 author = {Gelly, Sylvain and Kocsis, Levente and Schoenauer, Marc and Sebag, Mich\`{e}le and Silver, David and Szepesv\'{a}ri, Csaba and Teytaud, Olivier},
 title = {The Grand Challenge of Computer Go: Monte Carlo Tree Search and Extensions},
 journal = {Commun. ACM},
 issue_date = {March 2012},
 volume = {55},
 number = {3},
 month = mar,
 year = {2012},
 issn = {0001-0782},
 pages = {106--113},
 numpages = {8},
 url = {http://doi.acm.org/10.1145/2093548.2093574},
 doi = {10.1145/2093548.2093574},
 acmid = {2093574},
 publisher = {ACM},
 address = {New York, NY, USA},
}


%ARTIGO SOBRE MONTE-CARLO E CATAN 1:

@inproceedings{MONTECARLOCATAN01,
 author = {Szita, Istv\'{a}n and Chaslot, Guillaume and Spronck, Pieter},
 title = {Monte-Carlo Tree Search in Settlers of Catan},
 booktitle = {Proceedings of the 12th International Conference on Advances in Computer Games},
 series = {ACG'09},
 year = {2010},
 isbn = {3-642-12992-7, 978-3-642-12992-6},
 location = {Pamplona, Spain},
 pages = {21--32},
 numpages = {12},
 url = {http://dx.doi.org/10.1007/978-3-642-12993-3_3},
 doi = {10.1007/978-3-642-12993-3_3},
 acmid = {2166708},
 publisher = {Springer-Verlag},
 address = {Berlin, Heidelberg},
} 

% ARTIGO SOBRE MONTE-CARLO - NEW FRAMEWORK FOR GAME AI

@INPROCEEDINGS{MONTECARLOFRAMEWORK,
    author = {Guillaume Chaslot and Er Bakkes and Istvan Szita and Pieter Spronck},
    title = {Monte-Carlo Tree Search: A New Framework for Game AI},
    booktitle = {In Proceedings of AIIDEC-08},
    year = {2008},
    pages = {216--217}
}

%ARTIGO MINIMAX E PRUNING XADREZ

@INPROCEEDINGS{MINIAXCHESS,
    author = {T A Marsland},
    title = {Computer chess methods},
    booktitle = {Shapiro, S., ed.: Encycploedia of Artificial Intelligence},
    year = {1987},
    pages = {157--171}
}

% ai techniques for the game of go - Minimax como base de algoritmos de arvore de jogo

@book{GOMINIMAX,
  title={AI Techniques for the Game of Go},
  author={van der Werf, E.C.D.},
  isbn={9789052784458},
  series={SIKS dissertation series},
  url={https://books.google.com.br/books?id=WurkAAAACAAJ},
  year={2005},
  publisher={UPM, Universitaire Pers Maastricht}
}


%@book {AIMA,
	title = {Artificial Intelligence: A Modern Approach (Third Edition)},
	year = {2010},
	publisher = {Prentice Hall},
	address = {Upper Saddle River, New Jersey, USA},
	author = {Stuart J. Russell and Peter Norvig}
}

% ARTIGO DE XADREZ - CLAUDE SHANNON

@article{CLAUDESHANNONCHESS,
author = { Claude E.   Shannon },
title = {XXII. Programming a computer for playing chess},
journal = {The London, Edinburgh, and Dublin Philosophical Magazine and Journal of Science},
volume = {41},
number = {314},
pages = {256-275},
year = {1950},
doi = {10.1080/14786445008521796},

URL = { 
        http://dx.doi.org/10.1080/14786445008521796
    
},
eprint = { 
        http://dx.doi.org/10.1080/14786445008521796
    
}

}

% LIVRO EUROGAMES:

@book{woods2012eurogames,
  title={Eurogames: the design, culture and play of modern European board games},
  author={Woods, Stewart},
  year={2012},
  publisher={McFarland}
}

% ARTIGO DEEPMIND - GOOGLE (GO)

@article{DEEPMINDGO,
title = {Mastering the game of Go with deep neural networks and tree search},
author  = {David Silver and Aja Huang and Christopher J. Maddison and Arthur Guez and Laurent Sifre and George van den Driessche and Julian Schrittwieser and Ioannis Antonoglou and Veda Panneershelvam and Marc Lanctot and Sander Dieleman and Dominik Grewe and John Nham and Nal Kalchbrenner and Ilya Sutskever and Timothy Lillicrap and Madeleine Leach and Koray Kavukcuoglu and Thore Graepel and Demis Hassabis},
year  = 2016,
URL = {http://www.nature.com/nature/journal/v529/n7587/full/nature16961.html},
journal = {Nature},
pages = {484--503},
volume  = {529}
}

% ARTIGO DEEPBLUE - IBM (CHESS)

@article{DEEPBLUEIBM,
 author = {Campbell, Murray and Hoane,Jr., A. Joseph and Hsu, Feng-hsiung},
 title = {Deep Blue},
 journal = {Artif. Intell.},
 issue_date = {January 2002},
 volume = {134},
 number = {1-2},
 month = jan,
 year = {2002},
 issn = {0004-3702},
 pages = {57--83},
 numpages = {27},
 url = {http://dx.doi.org/10.1016/S0004-3702(01)00129-1},
 doi = {10.1016/S0004-3702(01)00129-1},
 acmid = {512152},
 publisher = {Elsevier Science Publishers Ltd.},
 address = {Essex, UK},
 keywords = {computer chess, evaluation function, game tree search, parallel search, search extensions, selective search},
}

% PROBLEMA DAS MAQUINAS CACA NIQUEL

@article{BANDITSPROBLEMS,
author = "Berry, Donald A. and Fristedt, Bert",
doi = "10.1214/aos/1176344792",
fjournal = "The Annals of Statistics",
journal = "Ann. Statist.",
month = "09",
number = "5",
pages = "1086--1105",
publisher = "The Institute of Mathematical Statistics",
title = "Bernoulli One-Armed Bandits--Arbitrary Discount Sequences",
url = "http://dx.doi.org/10.1214/aos/1176344792",
volume = "7",
year = "1979"
}


% TEORIA DE JOGOS - TIPOS DE JOGOS (RESUMIDO - LIVRO DE GAME IA)

@book{ARTIFICIALINTELLIGENCE4GAMES_TYPESOFGAMES,
 author = {Millington, Ian and Funge, John},
 title = {Artificial Intelligence for Games, Second Edition},
 year = {2009},
 isbn = {0123747317, 9780123747310},
 edition = {2nd},
 publisher = {Morgan Kaufmann Publishers Inc.},
 address = {San Francisco, CA, USA},
 chapter={6},
 pages = {668--669}
}

% LIVRO SOBRE TEORIA DE JOGOS - UM DOS PRINCIPAIS

@book {GAMETHEORYPRIMER,
	title = {Game Theory},
	year = {1991},
	note = {Translated into Chinesse by Renin University Press, Bejing: China. },
	publisher = {MIT Press},
	organization = {MIT Press},
	address = {Cambridge, MA},
	author = {Drew Fudenberg and Jean Tirole}
}


% ARTIGO DO JSETTLERS:
@inproceedings{Thomas:2002:JSR:502716.502779,
 author = {Thomas, Robert and Hammond, Kristian},
 title = {Java Settlers: A Research Environment for Studying Multi-agent Negotiation},
 booktitle = {Proceedings of the 7th International Conference on Intelligent User Interfaces},
 series = {IUI '02},
 year = {2002},
 isbn = {1-58113-459-2},
 location = {San Francisco, California, USA},
 pages = {240--240},
 numpages = {1},
 url = {http://doi.acm.org/10.1145/502716.502779},
 doi = {10.1145/502716.502779},
 acmid = {502779},
 publisher = {ACM},
 address = {New York, NY, USA},
 keywords = {game environments, negotiation},
}

% ARTIGO SOBRE ARREPENDIMENTO (BANDITS):
@inproceedings{regretBandits,
 author = {T. L., Lai and Robbins, Herbert},
 title = {Asymptotically Efficient Adaptive Allocation Rules},
 booktitle = {Advances in Applied Mathematics},
 volume = {6},
 year = {1985},
 pages = {4-22},
 school = {Department of Statistics, Columbia University},
 address = {New York, NY, USA},
}

% UCB

@Article{refUCB,
author="Auer, Peter
and Cesa-Bianchi, Nicol{\`o}
and Fischer, Paul",
title="Finite-time Analysis of the Multiarmed Bandit Problem",
journal="Machine Learning",
volume="47",
number="2",
pages="235--256",
abstract="Reinforcement learning policies face the exploration versus exploitation dilemma, i.e. the search for a balance between exploring the environment to find profitable actions while taking the empirically best action as often as possible. A popular measure of a policy's success in addressing this dilemma is the regret, that is the loss due to the fact that the globally optimal policy is not followed all the times. One of the simplest examples of the exploration/exploitation dilemma is the multi-armed bandit problem. Lai and Robbins were the first ones to show that the regret for this problem has to grow at least logarithmically in the number of plays. Since then, policies which asymptotically achieve this regret have been devised by Lai and Robbins and many others. In this work we show that the optimal logarithmic regret is also achievable uniformly over time, with simple and efficient policies, and for all reward distributions with bounded support.",
issn="1573-0565",
doi="10.1023/A:1013689704352",
url="http://dx.doi.org/10.1023/A:1013689704352"
}

% MONTE-CARLO SURVEY

@ARTICLE{Monte-CarloSurvey, 
author={C. B. Browne and E. Powley and D. Whitehouse and S. M. Lucas and P. I. Cowling and P. Rohlfshagen and S. Tavener and D. Perez and S. Samothrakis and S. Colton}, 
journal={IEEE Transactions on Computational Intelligence and AI in Games}, 
title={A Survey of Monte Carlo Tree Search Methods}, 
year={2012}, 
volume={4}, 
number={1}, 
pages={1-43}, 
keywords={Monte Carlo methods;game theory;tree searching;MCTS research;Monte carlo tree search methods;computer Go;key game;nongame domains;random sampling generality;Artificial intelligence;Computers;Decision theory;Game theory;Games;Markov processes;Monte Carlo methods;Artificial intelligence (AI);Monte Carlo tree search (MCTS);bandit-based methods;computer Go;game search;upper confidence bounds (UCB);upper confidence bounds for trees (UCT)}, 
doi={10.1109/TCIAIG.2012.2186810}, 
ISSN={1943-068X}, 
month={March},}

-- EXEMPLOS

-- Atenção! Sempre confira as entradas BibTeX copiadas de
bibliotecas digitais, pois muitas vezes as mesmas possuem o
formato incorreto, ou falta alguma informação necessária para
a referência.

-- Exemplo de referência a artigos de revistas e periódicos
@article{NAGAPACKING07,
   address={Amsterdam, The Netherlands, The Netherlands},
   author={Hiroshi Nagamochi and Yuusuke Abe},
   journal={Discrete Appl. Math.},
   number={4},
   pages={523--537},
   publisher={Elsevier Science Publishers B. V.},
   title={An approximation algorithm for dissecting a rectangle into rectangles with specified areas},
   volume={155},
   year={2007},
}

-- Exemplo de referência a livros
@book{CORMEMALGORITHMS01,
   address={Cambridge, MA},
   author={Cormen, Thomas  H. and Leiserson, Charles E. and Rivest, Ronald L. and Stein, Clifford},
   howpublished={Paperback},
   month={September},
   numpages={1184},
   publisher={{The MIT Press}},
   title={Introduction to Algorithms, Second Edition},
   year={2001},
}

-- Exemplo de referência a um capítulo de livro
@inbook{SKIENAC698,
   address={New York, NY, USA},
   author={Steven S. Skiena},
   publisher={Springer-Verlag New York, Inc.},
   title={The algorithm design manual},
   year={1998},
   chapter={6},
   pages={139--161}
}

-- Exemplo de referência a uma parte de livro com título e autores próprios
@incollection{BENTLEYBC07,
   author={Jon Bentley},
   title={The Most Beautiful Code {I} Never Wrote},
   booktitle={Beautiful Code: Leading Programmers Explain How They Think},
   editor={Andy Oram and Greg Wilson},
   chapter={3},
   publisher={O'Reilly \& Associates, Inc.},
   address={Sebastopol, CA},
   year={2007},
   pages={29--40},
   numpages={618}
}

-- Exemplos de referência para artigos em conferências


@inproceedings{BRIANPL04,
   address={Washington, DC, USA},
   author={Brian Clayton Atkins},
   booktitle={International Conference on Image Processing},
   location={Singapore},
   month={Out},
   pages={2897-2900},
   publisher={IEEE Computer Society},
   title={Adaptive photo collection page layout},
   volume={5},
   year={2004},
}
@inproceedings{OLIVEIRAAPL08,
   address={New York, NY, USA},
   author={Jo{\~a}o Batista S. de Oliveira},
   booktitle={Proceedings of the eighth ACM symposium on Document engineering},
   location={Sao Paulo, Brazil},
   pages={141--149},
   publisher={ACM},
   title={Two algorithms for automatic document page layout},
   year={2008},
}
@inproceedings{PICCOLIAPL11,
   author={Piccoli, Ricardo Farias Bidart and Chamun, Rodrigo and Cogo, Nicole Carrion and de Oliveira, Jo{\~a}o Batista Souza and Manssour, Isabel Harb},
   title={A novel physics-based interaction model for free document layout},
   booktitle={Proceedings of the 11th ACM symposium on Document engineering},
   series={DocEng '11},
   year={2011},
   isbn={978-1-4503-0863-2},
   location={Mountain View, California, USA},
   pages={153--162},
   numpages={10},
   url={http://doi.acm.org/10.1145/2034691.2034725},
   doi={10.1145/2034691.2034725},
   acmid={2034725},
   publisher={ACM},
   address={New York, NY, USA},
   keywords={authoring, automatic document layout, force-directed methods, personalized documents, physics-based simulation},
}

-- Exemplo de referência para dissertações de mestrado
@mastersthesis{PICCOLIDM08,
   address={Porto Alegre, RS, Brasil},
   author={Ricardo Farias Bidart Piccoli},
   numpages={104},
   school={Faculdade de Inform\'{a}tica -- PUCRS},
   title={Um algoritmo determin\'{i}stico para adapta\c{c}\~{a}o autom\'{a}tica de documentos de conte\'{u}do vari\'{a}vel},
   year={2008},
   url={http://tede.pucrs.br/tde_busca/arquivo.php?codArquivo=2593}
}
@mastersthesis{GOLDENBERGAPL02,
   address={Brighton, UK},
   author={Eldan Goldenberg},
   month={Nov},
   numpages={41},
   school={School of Cognitive \& Computing Sciences, University of Sussex},
   title={Automatic layout of variable-content print data},
   url={http://www.hpl.hp.com/techreports/2002/HPL-2002-286.html},
   year={2009},
}

-- Exemplo de referência para teses de doutorado
@phdthesis{PLASSPAG81,
   address={Stanford, CA, USA},
   author={Michael Frederick Plass},
   numpages={80},
   school={Stanford University},
   title={Optimal pagination techniques for automatic typesetting systems},
   year={1981},
}

-- Exemplo de technical report
@techreport{XIAOAPL05,
   address={Palo Alto, CA, USA},
   author={Xiaofan Lin},
   institution={Hewlett \& Packard Laboratories},
   numpages={33},
   title={Active Layout Engine: Algorithms and Applications in Variable Data Printing},
   url={http://www.hpl.hp.com/techreports/2005/HPL-2005-6R1.html},
   year={2005},
}

-- Exemplos de referências a sites da Internet
@misc{COFFMANPACKING98,
   author={E. Coffman and J. Galambos and S. Martello and D. Vigo},
   title={Bin packing approximation algorithms: Combinatorial Analysis},
   url={http://citeseer.ist.psu.edu/coffman98bin.html},
   urlaccessdate={Dez. 2007},
   year={1998}
}
@misc{WIKIPIC09,
   author={Wikipedia},
   title={Wikipedia:Featured pictures --- {W}ikipedia{,} The Free Encyclopedia},
   month={Nov},
   url={http://en.wikipedia.org/wiki/Featured_pictures},
   year={2009},
}
